<record><leader>00000cas a2200000 a 4500</leader><controlfield tag="001">46845614</controlfield><controlfield tag="008">010430d192u1993cauwr ne      0    0eng c</controlfield><datafield ind1=" " ind2=" " tag="010"><subfield code="a">sn2001060407</subfield></datafield><datafield ind1=" " ind2=" " tag="040"><subfield code="a">CNK</subfield><subfield code="b">eng</subfield><subfield code="c">CNK</subfield><subfield code="d">CNK</subfield><subfield code="d">OCLCQ</subfield><subfield code="d">OCLCF</subfield><subfield code="d">OCLCO</subfield></datafield><datafield ind1="1" ind2=" " tag="029"><subfield code="a">AU@</subfield><subfield code="b">000022651652</subfield></datafield><datafield ind1=" " ind2=" " tag="042"><subfield code="a">pcc</subfield></datafield><datafield ind1=" " ind2=" " tag="043"><subfield code="a">n-us-ca</subfield></datafield><datafield ind1="0" ind2="4" tag="245"><subfield code="a">The Carlsbad journal.</subfield></datafield><datafield ind1="3" ind2=" " tag="246"><subfield code="a">Carlsbad journal champion</subfield><subfield code="f">&lt;Jan. 6, 1928&gt;-Feb. 19, 1970</subfield></datafield><datafield ind1="1" ind2="7" tag="246"><subfield code="a">Journal</subfield><subfield code="f">Feb. 14, 1974-June 11, 1975</subfield></datafield><datafield ind1=" " ind2=" " tag="260"><subfield code="a">Carlsbad, San Diego County, Calif. :</subfield><subfield code="b">Fred W. Mitchell</subfield></datafield><datafield ind1=" " ind2=" " tag="300"><subfield code="a">v.</subfield></datafield><datafield ind1=" " ind2=" " tag="310"><subfield code="a">Weekly,</subfield><subfield code="b">Feb. 8, 1990-Jan. 21, 1993</subfield></datafield><datafield ind1=" " ind2=" " tag="321"><subfield code="a">Weekly,</subfield><subfield code="b">&lt;Jan. 6, 1928&gt;-Feb. 26, 1976</subfield></datafield><datafield ind1=" " ind2=" " tag="321"><subfield code="a">Semiweekly,</subfield><subfield code="b">Mar. 3, 1976-Feb. 2, 1990</subfield></datafield><datafield ind1="0" ind2=" " tag="362"><subfield code="a">-v. 69, no. 3 (Jan. 21, 1993).</subfield></datafield><datafield ind1=" " ind2=" " tag="500"><subfield code="a">"The Champion" apears in small print beneath "Carlsbad Journal," &lt;Jan. 6, 1928&gt;-Feb. 19, 1970; either "Weekend Edition" or "Midweek Edition" appears in small print on alternating issues in different locations in masthead, Mar. 6, 1976-Sept. 28, 1985 and &lt;Apr. 29, 1987&gt;-Feb. 2, 1990.</subfield></datafield><datafield ind1=" " ind2=" " tag="500"><subfield code="a">"Serving Carlsbad and Northern San Diego County."</subfield></datafield><datafield ind1=" " ind2=" " tag="500"><subfield code="a">Includes section in Spanish, Mar. 1-&lt;Aug. 2, 1956&gt;</subfield></datafield><datafield ind1=" " ind2=" " tag="515"><subfield code="a">Numbering is irregular.</subfield></datafield><datafield ind1=" " ind2=" " tag="530"><subfield code="a">Master negatives are available for duplication from:</subfield><subfield code="b">California Newspaper Microfilm Archive;</subfield><subfield code="c">positive copies may be purchased by the reel; for further information consult the CNMA at:</subfield><subfield code="u">http://cbsr.ucr.edu</subfield></datafield><datafield ind1=" " ind2=" " tag="580"><subfield code="a">Published also "La Costa Edition," Sept. 30, 1981-&lt;May 1, 1982&gt;</subfield></datafield><datafield ind1=" " ind2=" " tag="588"><subfield code="a">Description based on: Vol. 4, no. 1 (Jan. 6, 1928).</subfield></datafield><datafield ind1=" " ind2="0" tag="651"><subfield code="a">Carlsbad (Calif.)</subfield><subfield code="v">Newspapers.</subfield></datafield><datafield ind1=" " ind2="0" tag="651"><subfield code="a">La Costa (San Diego County, Calif.)</subfield><subfield code="v">Newspapers.</subfield></datafield><datafield ind1=" " ind2="0" tag="651"><subfield code="a">Solana Beach (Calif.)</subfield><subfield code="v">Newspapers.</subfield></datafield><datafield ind1=" " ind2="7" tag="655"><subfield code="a">Newspapers.</subfield><subfield code="2">fast</subfield><subfield code="0">(OCoLC)fst01423814</subfield></datafield><datafield ind1=" " ind2="7" tag="651"><subfield code="a">California</subfield><subfield code="z">Carlsbad.</subfield><subfield code="2">fast</subfield><subfield code="0">(OCoLC)fst01208495</subfield></datafield><datafield ind1=" " ind2="7" tag="651"><subfield code="a">California</subfield><subfield code="z">La Costa (San Diego County)</subfield><subfield code="2">fast</subfield><subfield code="0">(OCoLC)fst01327003</subfield></datafield><datafield ind1=" " ind2="7" tag="651"><subfield code="a">California</subfield><subfield code="z">Solana Beach.</subfield><subfield code="2">fast</subfield><subfield code="0">(OCoLC)fst01218803</subfield></datafield><datafield ind1=" " ind2=" " tag="752"><subfield code="a">United States</subfield><subfield code="b">California</subfield><subfield code="c">San Diego</subfield><subfield code="d">Carlsbad.</subfield></datafield><datafield ind1="0" ind2=" " tag="775"><subfield code="t">Champion (Carlsbad, Calif.)</subfield><subfield code="w">(DLC)sn2001060405</subfield></datafield><datafield ind1="0" ind2="0" tag="780"><subfield code="t">Carlsbad champion</subfield><subfield code="w">(DLC)sn2001060406</subfield></datafield><datafield ind1="0" ind2="0" tag="785"><subfield code="t">Carlsbad sun</subfield><subfield code="w">(DLC)sn2001060408</subfield></datafield></record>